@incollection {CENTERIS,
   author = {Giraldo, Olga Lucía and Herrera, Andrea and Gómez, Juan Erasmo},
   title = {{IT} Governance State of Art at Enterprises in the Colombian Pharmaceutical Industry},
   booktitle = {ENTERprise Information Systems},
   series = {Communications in Computer and Information Science},
   editor = {Quintela Varajão, João Eduardo and Cruz-Cunha, Maria Manuela and Putnik, Goran D. and Trigo, António},
   publisher = {Springer},
   pages = {431-440},
   volume = {109},
   doi = {10.1007/978-3-642-16402-6_45},
   year = {2010}
}

@incollection {GobTIOC,
  author = {González-Rojas, Oscar and Gómez-Morantes, Juan E. and Beltrán, Guillermo},
  title = {Gaps between Theory and Practice on {IT} Governance Capabilities},
  booktitle = {Advances in Information Systems Development},
  editor = {Paspallis, N. and Raspopoulos, M. and Barry, C. and Lang, M. and Linger, H. and Schneider, C.},
  publisher = {Springer},
  pages = {129-148},
  volume ={26},
  doi={10.1007/978-3-319-74817-7_9},
  series = {Lecture Notes in Information Systems and Organisation},
  year = 2018
}

@incollection{IFIP,
  author = {Gómez-Morantes, Juan E. and Heeks, Richard and Duncombe, Richard},
  title  ={A Multi-Level Perspective on Digital Platform Implementation and Impact: The Case of {EasyTaxi} in {C}olombia},
  year = {2019},
  booktitle = {Information and Communication Technologies for Development. Strengthening Southern-Driven Cooperation as a Catalyst for ICT4D},
  editor={Nielsen, Petter and Kimaro, Honest Christopher},
  publisher={Springer},
  address = {Cham},
  pages={195-206},
  doi={10.1007/978-3-030-18400-1_16}
}
