@Inproceedings{GobTIO,
author = {González-Rojas, Oscar and Gómez-Morantes, Juan E. and Beltrán, Guillermo},
title = {Identifying Gaps on {IT} Governance Capabilities: Findings in the Logistics and Transportation Industry in {C}olombia},
year = 2017,
booktitle = {Information Systems Development: Advances in Methods, Tools and Management (ISD2017 Proceedings)},
address={Larnaca, Cyprus}
}

@Inproceedings{XML,
	author = {Jim\'enez, Claudia AND Grijalba, Julian and Jiménez, Camilo and Moreno, Sergio and Gómez, Juan Erasmo},
	title  ={Software construction for evolving systems with incomplete information definition},
	year = {2006},
	booktitle = {XML 2006 Conference},
	address = {Boston, USA}
}

@Inproceedings{CONTECSI,
	author = {Gómez, Juan Erasmo and Olga Lucía Giraldo},
	title  ={Study and Customization proposal for {S}aa{S} business model to colombian {SME} needs},
	year = {\idiom{Junio}{June} 2009},
	booktitle = {6th International Conference on Information Systems and Techonology Management},
	address = {Sao Paulo, Brasil}
}

@Inproceedings{CONFIRM,
	author = {Cruz, Cesar Felipe and Gómez, Juan Erasmo and Giraldo, Olga Lucía},
	title  ={Enseñanza de sistemas de información con ambientes simulados: El caso de los Modelos Operativos en la {U}niversidad de los {A}ndes},
	year = {\idiom{Mayo}{May} 2010},
	booktitle = {2010 International Conference on Information Resources Management},
	address = {Montego Bay, Jamaica}
}

@Inproceedings{WEBIST,
	author = {Ballesteros-Ricaurte, Javier Antonio and Carrillo-Ramos, {\'A}ngela and Parra Acevedo, Carlos Andres and G{\'o}mez-Morantes, Juan Erasmo},
	title  ={Adaptive System to Support Decision-making of Dairy Ecosystem in {B}oyacá Department},
	year = {2018},
	booktitle = {Proceedings of the 14th International Conference on Web Information Systems and Technologies},
	address = {Sevilla, España},
	pages={253-260}
}

@inproceedings{CSEDU,
  author    = {Olga Luc\'{\i}a Giraldo and
               Olga Lucero Vega and
               Juan Erasmo G{\'o}mez},
  title     = {Learning Environment for Organizations {IT} Management Supported by a Simulation Game},
  booktitle = {Proceedings of the 3rd International Conference on Computer Supported Education},
  year      = {2011},
  address={Noordwijkerhout, Netherlands},
  pages={15-24}
}

@Inproceedings{REALTEETH,
	author = {S\'anchez M., Sneyder J. and G\'omez-Morantes, Juan E. and Parra, Carlos and Carrillo-Ramos, {\'A}ngela and Camacho, Adriana I. and Moreno, Gloria C.},
	title  ={Development of Diagnostic Skills in Dentistry Students Using Gamified Virtual Patients},
	year = {2019},
	booktitle = {Proceedings of the 11th International Conference on Computer Supported Education},
	address = {Heraklion, Grecia},
	pages={124-133},
	doi={10.5220/0007708001240133}
}