@Inproceedings{EXPOASI,
	author = {Gómez, Juan Erasmo},
	title  = {Apropiación de {TI} en {P}ymes colombianas},
	year = {2009},
	booktitle = {Expoasi},
	organization = {\idiom{Universidad Nacional de Colombia, Sede Manizales}{National University of Colombia at Manizales}},
	address = {Manizales, Colombia}	
}

@inproceedings{AIESEC,
	author = {Gómez, Juan Erasmo},
	title = {Productividad, {P}ymes y {TI}},
	year = {2010},
	booktitle = { Foro {AIESEC} Andes 2010: Ante los retos de la apertura comercial, ¿cómo podemos los jóvenes profesionales contribuir a cerrar la brecha de productividad de las empresas colombianas?},
	organization = {{AIESEC}},
	address = {Bogotá, Colombia}
}
