@Article{GENESIS,
	author = {Jiménez, Claudia and Gómez, Juan Erasmo},
	title = {{GENESIS}: Agile Generation of Information Management Oriented Software},
	year  ={2010},
	number = {31},
	journal = {Revista de Ingeniería - \uniandes},
	pages = {30--39},
	doi = {10.16924/riua.v0i31.209}
}

@Article{Arenas2020,
	doi = {10.3390/admsci10040083},
	number = {4},
	volume = {10},
	year = {2020},
	journal = {Administrative Sciences},
	title = {Elements of the Persistence in Innovation: Systematic Literature Review},
	author = {Arenas, Juan J. and Gómez, Juan E. and Ortíz, Efrain and Paz, Freddy and Parra, Carlos}
}

@article{ZEUSS,
	title = {Zeuss: a personalized tool for grammatical-construction learning},
	volume = {16},
	number = {1},
	pages = {1--22},
	issn = {1744--0084},
	shorttitle = {Zeuss},
	doi = {10.1108/IJWIS-03-2019-0009},
	journal = {International Journal of Web Information Systems},
	author = {Mendoza, Maria J. and Velasco, David L. and Moreno, Camilo A. and Parra, Carlos and Carrillo-Ramos, `{A}ngela and Gómez-Morantes, Juan E.},
	year = {2019}
}

@article{Heeks2021,
  title = {Digital platforms and institutional voids in developing countries: {{The}} case of ride-hailing markets},
  author = {Heeks, Richard and Gómez-Morantes, Juan E. and Graham, Mark and Howson, Kelle and Mungai, Paul and Nicholson, Brian and Van Belle, Jean-Paul},
  year = {2021},
  journal = {World Development},
  volume = {145},
  publisher = {{Elsevier BV}},
  issn = {0305-750X},
  doi = {10.1016/j.worlddev.2021.105528}
}

@article{Gomez-Morantes2021,
  title = {Conceptualising {{Digital Platforms}} in {{Developing Countries}} as {{Socio}}-{{Technical Transitions}}: {{A Multi}}-level {{Perspective Analysis}} of {{EasyTaxi}} in {{Colombia}}},
  author = {Gomez-Morantes, Juan Erasmo and Heeks, Richard and Duncombe, Richard},
  year = {2022},
  volume = {34},
  number = {2},
  journal = {The European Journal of Development Research},
  publisher = {{Springer Science and Business Media LLC}},
  issn = {1743-9728},
  pages = {978–1002},
  doi = {10.1057/s41287-021-00409-w}
}

@article{Arenas2020,
  title = {Elements of the {{Persistence}} in {{Innovation}}: {{Systematic Literature Review}}},
  author = {Arenas, Juan J. and Gómez-Morantes, Juan E. and Ortíz, Efrain and Paz, Freddy and Parra, Carlos},
  year = {2020},
  journal = {Administrative Sciences},
  volume = {10},
  doi = {10.3390/admsci10040083},
  number = {4}
}

@article{RamosMarroquin2021,
  title = {Akasha: {{Custom Application}} to {{Support Elementary Geometry Learning First}}-{{Grade Children}} in {{Colombia}}},
  author = {Ramos Marroquin, Alexandra and Sommer Henao, Karen and Sandoval Albarracín, Javier and Parra, Carlos and Carrillo-Ramos, Angela and Arenas, Juan Jesus and Brijaldo, Mónica and Curiel H., Mariela J. and Pavlich-Mariscal, Jaime A. and Gómez-Morantes, Juan E. and Sabogal, Martha},
  year = {2021},
  volume = {26},
  number = {4},
  journal = {Technology, Knowledge and Learning},
  publisher = {{Springer}},
  issn = {2211-1670},
  pages = {733--762},
  doi = {10.1007/s10758-021-09497-3}
}

@Article{Njuba2024,
  author       = {Njuba, Livingstone and Gómez‐Morantes, Juan E. and Herrera, Andrea and Camacho, Sonia},
  title	       = {Health information systems in extreme contexts: Using mobile phones to fight {AIDS} in {U}ganda},
  journal      = {The electronic journal of information systems in developing countries},
  year	       = 2024,
  issn	       = {1681-4835},
  doi	       = {10.1002/isd2.12314},
}

