@article{Heeks2020,
  title = {Digital {{Labour Platforms}} in the {{Global South}}: {{Filling}} or {{Creating Institutional Voids}}?},
  author = {Heeks, Richard and Eskelund, Karsten and Gomez-Morantes, Juan Erasmo and Malik, Fareesa and Nicholson, Brian},
  year = {2020},
  journal = {SSRN Electronic Journal},
  issn = {1556-5068},
  doi = {10.2139/ssrn.3645389},
  langid = {english}
}
